@inbook{Wichern,
	author="Johnson, Richard A. and Wichern, Dean W.",
	title="Applied Multivariate Statistical Analysis",
	edition="5th edition",
	publisher="Prentice Hall",
	year="2002",
	chapter="12"
}

@inbook{Hoaglin,
	author="Hoaglin, David C. and Mosteller, Frederick and Tukey, John W.",
	title="Exploring data tables, trends and shapes",
	publisher="Wiley",
	year="1985",
	series="Wiley series in probability and mathematical statistics",
	chapter="1"
}

@inbook{Duda,
	author="Duda, Richard O. and Hart, Peter E. and Stork, David G.",
	title="Pattern Classification",
	publisher="Wiley-Interscience",
	year="2000",
	chapter="2"
}

@article{Meireles04,
	author="Meireles, Sibele L. and Cristo, Elier B. and Carvalho, Alex F. and Hirata Jr., Roberto and Pelosof, Adriane and Gomes, Luciana I. and Martins, Waleska K. and Begnami, Maria D. and Zitron, Claudia and 'Montagnini, André and Soares, Fernando A. and Jordão Neves, Eduardo and Reis, Luis F. L.",
	title="Molecular Classifiers for Gastric Cancer and Nonmalignant Diseases of the Gastric Mucosa",
	journal="Cancer Research",
	volume={64},
	pages={1255-1265},
	year={2004}
}

@article{Edwards03,
  author    = {David Edwards},
  title     = {Non-linear Normalization and Background Correction in One-channel
               CDNA Microarray Studies},
  journal   = {Bioinformatics},
  volume    = {19},
  number    = {7},
  year      = {2003},
  pages     = {825-833},
}

@article{Sandrine01,
	author  = {Dudoit, Sandrine and Yang, Yee Hwa and Luu, Percy and Speed, Terence P.},
	title   = {Normalization for cDNA Microarray Data},
	journal = {Proceedings of SPIE},
	volume  = {4266},
	year    = {2001},
	pages   = {141-152}
}

@article{Dias,
	author  = {Rodrigo A. Dias, Roberto Hirata Jr.},
	title   = {Middle-R - A User Level Middleware for Statistical Computing},
  journal = {VII Workshop on Grid Computing and Applications, Recife - Brazil},
  year    = {2009}
}


@misc{epub8991,
       keyword = {R, high performance computing, parallel computing,
       computer cluster, multi-core systems, grid computing,
       benchmark.},
        volume = {47},
         month = {1},
         title = {State-of-the-Art in Parallel Computing with R},
        author = {Markus Schmidberger and Martin Morgan and Dirk
       Eddelbuettel and Hao Yu and Luke Tierney and Ulrich Mansmann},
          year = {2009},
        series = {tech},
           url = {http://epub.ub.uni-muenchen.de/8991/}
}

@INPROCEEDINGS{boinc,
title={Centralized BOINC resources manager for institutional networks},
author={Gonzalez, D.L. and Gil, G.G. and de Vega, F.F. and Segal, B.},
journal={Parallel and Distributed Processing, 2008. IPDPS 2008. IEEE International Symposium on},
year={2008},
month={April},
volume={},
number={},
pages={1-8},
keywords={computer network management, grid computing, middleware, resource allocationcentralized BOINC resources manager, client-server system, desktop grid environment management, institutional network, middleware tool, project selection, software management tool},
doi={10.1109/IPDPS.2008.4536439},
ISSN={1530-2075}, }

@MISC{Beowulf,
  title={Página do projeto Beowulf },
  howpublished=" \url{http://www.beowulf.org/}"
   }

@MISC{boinc_wrapper,
  title={Página de documentação do Wrapper do BOINC },
  howpublished=" \url{http://boinc.berkeley.edu/trac/wiki/WrapperApp}"
   }

@misc{ wiki:volunteercomputing,
   author = "Wikipedia",
   title = "Volunteer computing --- {W}ikipedia{,} The Free Encyclopedia",
   year = "2009",
   howpublished = "\url{http://en.wikipedia.org/w/index.php?title=Volunteer_computing&oldid=325674089}",
   note = "[Online; accessed 23-November-2009]"
 }


@misc{ wiki:interpretedlanguage,
   author = "Wikipedia",
   title = "Interpreted Language --- {W}ikipedia{,} The Free Encyclopedia",
   year = "2009",
   howpublished = "\url{http://en.wikipedia.org/w/index.php?title=Interpreted_language&oldid=323979791}",
   note = "[Online; accessed 23-November-2009]"
 }

@misc{ wiki:boinc,
   author = "Wikipedia",
   title = "BOINC --- {W}ikipedia{,} The Free Encyclopedia",
   year = "2009",
   howpublished = "\url{http://en.wikipedia.org/w/index.php?title=Berkeley_Open_Infrastructure_for_Network_Computing&oldid=326896451}",
   note = "[Online; accessed 23-November-2009]"
 }

@misc{ wiki:r,
   author = "Wikipedia",
   title = "R (programming language) --- {W}ikipedia{,} The Free Encyclopedia",
   year = "2009",
   howpublished = "\url{http://en.wikipedia.org/w/index.php?title=R_(programming_language)&oldid=326801637}",
   note = "[Online; accessed 23-November-2009]"
 }

@article{ hungaro,
  author = {Attila Csaba Marosi and Zoltan Balaton and Peter Kacsuk},
  title = {GenWrapper: A generic wrapper for running legacy applications on desktop grids},
  journal ={Parallel and Distributed Processing Symposium, International},
  volume = {0},
  year = {2009},
  isbn = {978-1-4244-3751-1},
  pages = {1-6},
  doi = {http://doi.ieeecomputersociety.org/10.1109/IPDPS.2009.5161136},
  publisher = {IEEE Computer Society},
  address = {Los Alamitos, CA, USA},
}
